@INPROCEEDINGS{5539963, 
author={Boureau, Y.-L. and Bach, F. and LeCun, Y. and Ponce, J.}, 
booktitle={Computer Vision and Pattern Recognition (CVPR), 2010 IEEE Conference on}, 
title={Learning mid-level features for recognition}, 
year={2010}, 
month={June}, 
pages={2559-2566}, 
keywords={Gabor filters;feature extraction;learning (artificial intelligence);object recognition;vector quantisation;Gabor filter responses;SIFT descriptors;coding step;feature extraction;low level descriptors;mid level features learning;object recognition;pointwise transformation;pooling step;sparse coding;vector quantization;Convolutional codes;Dictionaries;Feature extraction;Gabor filters;Image classification;Image coding;Image representation;Layout;Object recognition;Vector quantization}, 
doi={10.1109/CVPR.2010.5539963}, 
ISSN={1063-6919}
}

@inproceedings{McCannL12,
  added-at = {2013-04-06T00:00:00.000+0200},
  author = {McCann, Sancho and Lowe, David G.},
  biburl = {http://www.bibsonomy.org/bibtex/2424d0776e3d0901ada3f333de27a8d6e/dblp},
  booktitle = {ACCV (1)},
  editor = {Lee, Kyoung Mu and Matsushita, Yasuyuki and Rehg, James M. and Hu, Zhanyi},
  ee = {http://dx.doi.org/10.1007/978-3-642-37331-2_16},
  interhash = {8d3cded594e19ab096bc5a50466511c1},
  intrahash = {424d0776e3d0901ada3f333de27a8d6e},
  isbn = {978-3-642-37330-5},
  keywords = {dblp},
  pages = {204-217},
  publisher = {Springer},
  series = {Lecture Notes in Computer Science},
  timestamp = {2013-08-13T14:47:15.000+0200},
  title = {Spatially Local Coding for Object Recognition.},
  url = {http://dblp.uni-trier.de/db/conf/accv/accv2012-1.html#McCannL12},
  volume = 7724,
  year = 2012
}

@article{Tuytelaars:2008:LIF:1391081.1391082,
 author = {Tuytelaars, Tinne and Mikolajczyk, Krystian},
 title = {Local Invariant Feature Detectors: A Survey},
 journal = {Found. Trends. Comput. Graph. Vis.},
 issue_date = {January 2008},
 volume = {3},
 number = {3},
 month = jul,
 year = {2008},
 issn = {1572-2740},
 pages = {177--280},
 numpages = {104},
 url = {http://dx.doi.org/10.1561/0600000017},
 doi = {10.1561/0600000017},
 acmid = {1391082},
 publisher = {Now Publishers Inc.},
 address = {Hanover, MA, USA},
}

@inproceedings{asdasd,
year={2013},
isbn={978-3-642-37330-5},
booktitle={Computer Vision â€“ ACCV 2012},
volume={7724},
series={Lecture Notes in Computer Science},
editor={Lee, KyoungMu and Matsushita, Yasuyuki and Rehg, JamesM. and Hu, Zhanyi},
doi={10.1007/978-3-642-37331-2_16},
title={Spatially Local Coding for Object Recognition},
url={http://dx.doi.org/10.1007/978-3-642-37331-2_16},
publisher={Springer Berlin Heidelberg},
author={McCann, Sancho and Lowe, DavidG.},
pages={204-217},
language={English}
}

@INPROCEEDINGS{1641019,
author={Lazebnik, S. and Schmid, C. and Ponce, J.},
booktitle={Computer Vision and Pattern Recognition, 2006 IEEE Computer Society Conference on},
title={Beyond Bags of Features: Spatial Pyramid Matching for Recognizing Natural Scene Categories},
year={2006},
month={},
volume={2},
pages={2169-2178},
keywords={Histograms;Image databases;Image recognition;Image representation;Image segmentation;Layout;Object recognition;Robustness;Shape;Spatial databases},
doi={10.1109/CVPR.2006.68},
ISSN={1063-6919},
}

@ARTICLE{5128909,
author={van Gemert, J.C. and Veenman, C.J. and Smeulders, A.W.M. and Geusebroek, J.-M.},
journal={Pattern Analysis and Machine Intelligence, IEEE Transactions on},
title={Visual Word Ambiguity},
year={2010},
month={July},
volume={32},
number={7},
pages={1271-1283},
keywords={feature extraction;image classification;automatic image classification;codebook model;image features;soft assignment modeling;visual word ambiguity;Computer vision;image/video retrieval.;object recognition},
doi={10.1109/TPAMI.2009.132},
ISSN={0162-8828},}

@INPROCEEDINGS{5206757,
author={Jianchao Yang and Kai Yu and Yihong Gong and Huang, T.},
booktitle={Computer Vision and Pattern Recognition, 2009. CVPR 2009. IEEE Conference on},
title={Linear spatial pyramid matching using sparse coding for image classification},
year={2009},
month={June},
pages={1794-1801},
keywords={computational complexity;image classification;image matching;support vector machines;vector quantisation;SIFT descriptor;SIFT sparse codes;SPM kernel;computational complexity;image categorization;image classification;linear spatial pyramid matching;multiscale spatial max pooling;nonlinear SVM;sparse coding;training images;vector quantization;Computational complexity;Histograms;Image classification;Image coding;Image representation;Image segmentation;Kernel;Scanning probe microscopy;Testing;Vector quantization},
doi={10.1109/CVPR.2009.5206757},
ISSN={1063-6919},}

@INPROCEEDINGS{6126534,
author={Lingqiao Liu and Lei Wang and Xinwang Liu},
booktitle={Computer Vision (ICCV), 2011 IEEE International Conference on},
title={In defense of soft-assignment coding},
year={2011},
month={Nov},
pages={2486-2493},
keywords={image classification;image coding;object recognition;probability;classification performance;local features;localized soft-assignment coding;magic max pooling operation;mix order max pooling operation;object recognition;probabilistic interpretation;Educational institutions;Encoding;Feature extraction;Image coding;Probabilistic logic;Vectors;Visualization},
doi={10.1109/ICCV.2011.6126534},
ISSN={1550-5499},}

@INPROCEEDINGS{5540018,
author={Jinjun Wang and Jianchao Yang and Kai Yu and Fengjun Lv and Huang, T. and Yihong Gong},
booktitle={Computer Vision and Pattern Recognition (CVPR), 2010 IEEE Conference on},
title={Locality-constrained Linear Coding for image classification},
year={2010},
month={June},
pages={3360-3367},
keywords={computational complexity;image classification;image coding;image matching;learning (artificial intelligence);least squares approximations;vector quantisation;K-nearest-neighbor search;VQ coding;bag-of-features;computational complexity;constrained least square fitting problem;image classification;locality-constrained linear coding;nonlinear classifiers;sparse coding strategy;spatial pyramid matching;Image classification;Image coding},
doi={10.1109/CVPR.2010.5540018},
ISSN={1063-6919},}

@inproceedings{boureau2010theoretical,
  title={A theoretical analysis of feature pooling in visual recognition},
  author={Boureau, Y-Lan and Ponce, Jean and LeCun, Yann},
  booktitle={Proceedings of the 27th International Conference on Machine Learning (ICML-10)},
  pages={111--118},
  year={2010}
}

@INPROCEEDINGS{6909713,
author={Murray, N. and Perronnin, F.},
booktitle={Computer Vision and Pattern Recognition (CVPR), 2014 IEEE Conference on},
title={Generalized Max Pooling},
year={2014},
month={June},
pages={2473-2480},
keywords={image classification;image coding;image representation;vectors;BOV;Fisher vector;bag-of-visual-words;generalized max pooling;local descriptors;max-pooling;patch-based image representations;per-patch statistics;pooled representation;public image classification benchmarks;soft-coding extension;sparse-coding extension;standard pooling operations;sum-pooling;Birds;Computer vision;Encoding;Kernel;Standards;Vectors;Visualization;classification;image representations;pooling},
doi={10.1109/CVPR.2014.317},}

@INPROCEEDINGS{1238663,
author={Sivic, J. and Zisserman, A.},
booktitle={Computer Vision, 2003. Proceedings. Ninth IEEE International Conference on},
title={Video Google: a text retrieval approach to object matching in videos},
year={2003},
month={Oct},
pages={1470-1477 vol.2},
keywords={computer vision;content-based retrieval;image matching;image representation;video signal processing;visual databases;Video Google;document rankings;invariant region descriptors;inverted file systems;noise reduction;object matching;object retrieval;partial occlusion;scene retrieval;text retrieval approach;unstable regions;vector quantization;File systems;Image databases;Layout;Lighting;Noise reduction;Object recognition;Robots;Vector quantization;Visual databases;Web pages},
doi={10.1109/ICCV.2003.1238663},}

@article{Avila2013453,
title = "Pooling in image representation: The visual codeword point of view ",
journal = "Computer Vision and Image Understanding ",
volume = "117",
number = "5",
pages = "453 - 465",
year = "2013",
note = "",
issn = "1077-3142",
doi = "http://dx.doi.org/10.1016/j.cviu.2012.09.007",
url = "http://www.sciencedirect.com/science/article/pii/S1077314212001737",
author = "Sandra Avila and Nicolas Thome and Matthieu Cord and Eduardo Valle and Arnaldo de A. Araújo",
keywords = "Image classification",
keywords = "Image representation",
keywords = "Pattern recognition",
keywords = "Bag-of-Words",
keywords = "Visual dictionary",
keywords = "Coding",
keywords = "Pooling",
keywords = "\{SVM\} "
}

@INPROCEEDINGS{6126555,
author={Boureau, Y.-L. and Le Roux, N. and Bach, F. and Ponce, J. and LeCun, Y.},
booktitle={Computer Vision (ICCV), 2011 IEEE International Conference on},
title={Ask the locals: Multi-way local pooling for image recognition},
year={2011},
month={Nov},
pages={2651-2658},
keywords={encoding;feature extraction;image recognition;object recognition;vectors;codebooks;dissimilar features;encoding methods;feature vector space;feature vectors;image recognition;image retrieval;invariant representations;multiway local pooling;object recognition benchmarks;object recognition systems;purely spatial locality;spatial pyramid framework;spatially local neighborhoods;Benchmark testing;Dictionaries;Encoding;Feature extraction;Image coding;Training;Vectors},
doi={10.1109/ICCV.2011.6126555},
ISSN={1550-5499},}

@incollection{ObjectCentricPooling,
year={2012},
isbn={978-3-642-33708-6},
booktitle={Computer Vision – ECCV 2012},
series={Lecture Notes in Computer Science},
editor={Fitzgibbon, Andrew and Lazebnik, Svetlana and Perona, Pietro and Sato, Yoichi and Schmid, Cordelia},
doi={10.1007/978-3-642-33709-3_1},
title={Object-Centric Spatial Pooling for Image Classification},
url={http://dx.doi.org/10.1007/978-3-642-33709-3_1},
publisher={Springer Berlin Heidelberg},
author={Russakovsky, Olga and Lin, Yuanqing and Yu, Kai and Fei-Fei, Li},
pages={1-15},
language={English}
}

@INPROCEEDINGS{6248076,
author={Yangqing Jia and Chang Huang and Darrell, T.},
booktitle={Computer Vision and Pattern Recognition (CVPR), 2012 IEEE Conference on},
title={Beyond spatial pyramids: Receptive field learning for pooled image features},
year={2012},
month={June},
pages={3370-3377},
keywords={feature extraction;image classification;image coding;learning (artificial intelligence);CIFAR-10 dataset;adaptive receptive field learning;codebook size;image classification;incremental feature selection;pooled image features;pooling parameter;receptive field design;retraining;spatial pyramids;Accuracy;Dictionaries;Encoding;Image coding;Pipelines;Training data;Vectors},
doi={10.1109/CVPR.2012.6248076},
ISSN={1063-6919},}

@incollection{SecondOrderPooling,
year={2012},
isbn={978-3-642-33785-7},
booktitle={Computer Vision – ECCV 2012},
volume={7578},
series={Lecture Notes in Computer Science},
editor={Fitzgibbon, Andrew and Lazebnik, Svetlana and Perona, Pietro and Sato, Yoichi and Schmid, Cordelia},
doi={10.1007/978-3-642-33786-4_32},
title={Semantic Segmentation with Second-Order Pooling},
url={http://dx.doi.org/10.1007/978-3-642-33786-4_32},
publisher={Springer Berlin Heidelberg},
keywords={Semantic Segmentation; Feature Pooling},
author={Carreira, João and Caseiro, Rui and Batista, Jorge and Sminchisescu, Cristian},
pages={430-443},
language={English}
}

@INPROCEEDINGS{1541309,
author={Jurie, F. and Triggs, B.},
booktitle={Computer Vision, 2005. ICCV 2005. Tenth IEEE International Conference on},
title={Creating efficient codebooks for visual recognition},
year={2005},
month={Oct},
volume={1},
pages={604-610 Vol. 1},
keywords={feature extraction;image classification;image coding;pattern clustering;dense codebook;dense sampling;feature selection;image classification;image patch;mutual information;robust appearance descriptor;scalable acceptance-radius based clusterer;support vector machine;visual codebook based quantization;visual recognition;Image analysis;Image classification;Image sampling;Image texture analysis;Layout;Object recognition;Quantization;Robustness;Statistical analysis;Support vector machines},
doi={10.1109/ICCV.2005.66},
ISSN={1550-5499},}

@article{LocalFeaturesAndKernels,
year={2007},
issn={0920-5691},
journal={International Journal of Computer Vision},
volume={73},
number={2},
doi={10.1007/s11263-006-9794-4},
title={Local Features and Kernels for Classification of Texture and Object Categories: A Comprehensive Study},
url={http://dx.doi.org/10.1007/s11263-006-9794-4},
publisher={Kluwer Academic Publishers},
keywords={image classification; texture recognition; object recognition; scale- and affine-invariant keypoints; support vector machines; kernel methods},
author={Zhang, J. and Marszałek, M. and Lazebnik, S. and Schmid, C.},
pages={213-238},
language={English}
}